%% This BibTeX bibliography file was created using BibDesk.
%% http://bibdesk.sourceforge.net/


%% Created for Lauro Cesar Araujo at 2015-04-27 19:43:45 -0300 


%% Saved with string encoding Unicode (UTF-8) 



@article{KNN,
        author = { N. S.   Altman },
        title = {An Introduction to Kernel and Nearest-Neighbor Nonparametric Regression},
        journal = {The American Statistician},
        volume = {46},
        number = {3},
        pages = {175-185},
        year  = {1992},
        publisher = {Taylor \& Francis},
        doi = {10.1080/00031305.1992.10475879}
        }

@article{Ito2018,
        doi = {10.1093/nar/gky462},
        url = {https://doi.org/10.1093/nar/gky462},
        year = {2018},
        month = jun,
        publisher = {Oxford University Press ({OUP})},
        volume = {46},
        number = {16},
        pages = {e96--e96},
        author = {Eric Augusto Ito and Isaque Katahira and F{\'{a}}bio Fernandes~da~Rocha Vicente and Luiz~Filipe Protasio Pereira and Fabr{\'{\i}}cio Martins Lopes},
        title = {{BASiNET}{\textemdash}{BiologicAl} Sequences {NETwork}: a case study on coding and non-coding {RNAs} identification},
        journal = {Nucleic Acids Research}
        }
        
@article{Childs2009,
  doi = {10.1093/nar/gkp206},
  url = {https://doi.org/10.1093/nar/gkp206},
  year = {2009},
  month = apr,
  publisher = {Oxford University Press ({OUP})},
  volume = {37},
  number = {9},
  pages = {e66--e66},
  author = {Liam Childs and Zoran Nikoloski and Patrick May and Dirk Walther},
  title = {Identification and classification of {ncRNA} molecules using graph properties},
  journal = {Nucleic Acids Research}
}

@book{garcia2015data,
  title={Data preprocessing in data mining},
  author={Garc{\'\i}a, Salvador and Luengo, Juli{\'a}n and Herrera, Francisco},
  volume={72},
  year={2015},
  publisher={Springer}
}

@article{kappa,
author = {Jacob Cohen},
title ={A Coefficient of Agreement for Nominal Scales},
journal = {Educational and Psychological Measurement},
volume = {20},
number = {1},
pages = {37-46},
year = {1960},
doi = {10.1177/001316446002000104},

URL = { 
        https://doi.org/10.1177/001316446002000104
        }
}

@article{Safavian1991,
  doi = {10.1109/21.97458},
  url = {https://doi.org/10.1109/21.97458},
  year = {1991},
  publisher = {Institute of Electrical and Electronics Engineers ({IEEE})},
  volume = {21},
  number = {3},
  pages = {660--674},
  author = {S.R. Safavian and D. Landgrebe},
  title = {A survey of decision tree classifier methodology},
  journal = {{IEEE} Transactions on Systems,  Man,  and Cybernetics}
}

